@inproceedings{bochereau1990,
  title={A generalist-specialist paradigm for multilayer neural networks},
  author={Bochereau, Laurent and Bourgine, Paul},
  booktitle={Neural Networks, 1990., 1990 IJCNN International Joint Conference on},
  pages={87--91},
  year={1990},
  organization={IEEE}
}

@inproceedings{binaryconnect,
  title={BinaryConnect: Training Deep Neural Networks with binary weights during propagations},
  author={Courbariaux, Matthieu and Bengio, Yoshua and David, Jean-Pierre},
  booktitle={Advances in Neural Information Processing Systems},
  pages={3105--3113},
  year={2015}
}

@article{galaxy,
  title={Rotation-invariant convolutional neural networks for galaxy morphology prediction},
  author={Dieleman, Sander and Willett, Kyle W and Dambre, Joni},
  journal={Monthly Notices of the Royal Astronomical Society},
  volume={450},
  number={2},
  pages={1441--1459},
  year={2015},
  publisher={Oxford University Press}
}

@article{deepspeech2,
  title={Deep Speech 2: End-to-End Speech Recognition in English and Mandarin},
  author={Amodei, Dario and Anubhai, Rishita and Battenberg, Eric and Case, Carl and Casper, Jared and Catanzaro, Bryan and Chen, Jingdong and Chrzanowski, Mike and Coates, Adam and Diamos, Greg and others},
  journal={arXiv preprint arXiv:1512.02595},
  year={2015}
}

@article{darkknowledge,
  title={Distilling the knowledge in a neural network},
  author={Hinton, Geoffrey and Vinyals, Oriol and Dean, Jeff},
  journal={arXiv preprint arXiv:1503.02531},
  year={2015}
}

@article{emonets,
  title={Emonets: Multimodal deep learning approaches for emotion recognition in video},
  author={Kahou, Samira Ebrahimi and Bouthillier, Xavier and Lamblin, Pascal and Gulcehre, Caglar and Michalski, Vincent and Konda, Kishore and Jean, S{\'e}bastien and Froumenty, Pierre and Dauphin, Yann and Boulanger-Lewandowski, Nicolas and others},
  journal={Journal on Multimodal User Interfaces},
  pages={1--13},
  publisher={Springer}
}

@misc{cifar,
  title={Learning multiple layers of features from tiny images},
  author={Krizhevsky, Alex},
  year={2009},
  publisher={Citeseer}
}

@article{spectral,
  title={On Spectral Clustering: Analysis and an algorithm},
  author={Ng, Andrew Y and Jordan, Michael I and Weiss, Yair}
}

@article{imagenet,
  title={Imagenet large scale visual recognition challenge},
  author={Russakovsky, Olga and Deng, Jia and Su, Hao and Krause, Jonathan and Satheesh, Sanjeev and Ma, Sean and Huang, Zhiheng and Karpathy, Andrej and Khosla, Aditya and Bernstein, Michael and others},
  journal={International Journal of Computer Vision},
  volume={115},
  number={3},
  pages={211--252},
  year={2015},
  publisher={Springer}
}

@article{vgg,
  title={Very deep convolutional networks for large-scale image recognition},
  author={Simonyan, Karen and Zisserman, Andrew},
  journal={arXiv preprint arXiv:1409.1556},
  year={2014}
}

@article{allcnn,
  title={Striving for simplicity: The all convolutional net},
  author={Springenberg, Jost Tobias and Dosovitskiy, Alexey and Brox, Thomas and Riedmiller, Martin},
  journal={arXiv preprint arXiv:1412.6806},
  year={2014}
}

@inproceedings{seq2seq,
  title={Sequence to sequence learning with neural networks},
  author={Sutskever, Ilya and Vinyals, Oriol and Le, Quoc V},
  booktitle={Advances in neural information processing systems},
  pages={3104--3112},
  year={2014}
}

@inproceedings{inception,
  title={Going deeper with convolutions},
  author={Szegedy, Christian and Liu, Wei and Jia, Yangqing and Sermanet, Pierre and Reed, Scott and Anguelov, Dragomir and Erhan, Dumitru and Vanhoucke, Vincent and Rabinovich, Andrew},
  booktitle={Proceedings of the IEEE Conference on Computer Vision and Pattern Recognition},
  pages={1--9},
  year={2015}
}

@article{wardefarley,
  title={Self-informed neural network structure learning},
  author={Warde-Farley, David and Rabinovich, Andrew and Anguelov, Dragomir},
  journal={arXiv preprint arXiv:1412.6563},
  year={2014}
}
